<record><leader>00000cas a22000007a 4500</leader><controlfield tag="001">17935808</controlfield><controlfield tag="008">880511d19621968ohudn ne      0    0eng d</controlfield><datafield ind1=" " ind2=" " tag="010"><subfield code="a">sn 88078542 </subfield></datafield><datafield ind1=" " ind2=" " tag="040"><subfield code="a">ONP</subfield><subfield code="b">eng</subfield><subfield code="c">ONP</subfield><subfield code="d">GUA</subfield><subfield code="d">OCLCQ</subfield><subfield code="d">OCLCF</subfield><subfield code="d">OCLCO</subfield></datafield><datafield ind1="1" ind2=" " tag="029"><subfield code="a">AU@</subfield><subfield code="b">000020510534</subfield></datafield><datafield ind1=" " ind2=" " tag="042"><subfield code="a">msc</subfield></datafield><datafield ind1=" " ind2=" " tag="043"><subfield code="a">n-us-oh</subfield></datafield><datafield ind1="0" ind2=" " tag="130"><subfield code="a">Shelby daily globe (Shelby, Ohio : 1962)</subfield></datafield><datafield ind1="1" ind2="0" tag="245"><subfield code="a">Shelby daily globe.</subfield></datafield><datafield ind1=" " ind2=" " tag="260"><subfield code="a">Shelby, Ohio :</subfield><subfield code="b">[Moore &amp; Stambaugh],</subfield><subfield code="c">1962-1968.</subfield></datafield><datafield ind1=" " ind2=" " tag="300"><subfield code="a">v.</subfield></datafield><datafield ind1=" " ind2=" " tag="310"><subfield code="a">Daily (except Sun.)</subfield></datafield><datafield ind1="0" ind2=" " tag="362"><subfield code="a">62nd year, no. 219 (Jan. 10, 1962)-69th year, no. 163 (Nov. 2, 1968).</subfield></datafield><datafield ind1=" " ind2="0" tag="651"><subfield code="a">Shelby (Ohio)</subfield><subfield code="v">Newspapers.</subfield></datafield><datafield ind1=" " ind2="0" tag="651"><subfield code="a">Richland County (Ohio)</subfield><subfield code="v">Newspapers.</subfield></datafield><datafield ind1=" " ind2="7" tag="655"><subfield code="a">Newspapers.</subfield><subfield code="2">fast</subfield><subfield code="0">(OCoLC)fst01423814</subfield></datafield><datafield ind1=" " ind2="7" tag="651"><subfield code="a">Ohio</subfield><subfield code="z">Richland County.</subfield><subfield code="2">fast</subfield><subfield code="0">(OCoLC)fst01208703</subfield></datafield><datafield ind1=" " ind2="7" tag="651"><subfield code="a">Ohio</subfield><subfield code="z">Shelby.</subfield><subfield code="2">fast</subfield><subfield code="0">(OCoLC)fst01235759</subfield></datafield><datafield ind1=" " ind2=" " tag="752"><subfield code="a">United States</subfield><subfield code="b">Ohio</subfield><subfield code="c">Richland</subfield><subfield code="d">Shelby.</subfield></datafield><datafield ind1="0" ind2="0" tag="780"><subfield code="t">Daily globe (Shelby, Ohio : 1900)</subfield><subfield code="w">(DLC)sn 84028517</subfield></datafield><datafield ind1="0" ind2="7" tag="785"><subfield code="t">Tiro world</subfield><subfield code="w">(DLC)sn 85042639</subfield></datafield><datafield ind1="0" ind2="7" tag="785"><subfield code="t">Shelby daily globe and Tiro world</subfield><subfield code="w">(DLC)sn 88078541</subfield></datafield></record>